@inproceedings{origin1,
	author = {Qi Lv, Lei Geng},
	title = {SudaIAI-Beamer-Template},
	url = {https://cn.overleaf.com/latex/templates/sudaiai-beamer-template/dzrthpbrzppc},
	year = {2021}}
@inproceedings{origin2,
	author = {Iceduu},
	title = {XMU-Beamer-Template},
	url = {https://www.overleaf.com/latex/templates/xmu-beamer-template/zzrksvwjnkzn},
	year = {2023}}